@article{barzilai1988two,
  title={Two-point step size gradient methods},
  author={Barzilai, Jonathan and Borwein, Jonathan M},
  journal={IMA journal of numerical analysis},
  volume={8},
  number={1},
  pages={141--148},
  year={1988},
  publisher={Oxford University Press}
}

@book{shalev2014understanding,
  title={Understanding machine learning: From theory to algorithms},
  author={Shalev-Shwartz, Shai and Ben-David, Shai},
  year={2014},
  publisher={Cambridge university press}
}

@article{mag2,
    title={Modeling social networks with node attributes using the multiplicative attribute graph model},
    author={Kim, Myunghwan and Leskovec, Jure},
    journal={arXiv preprint arXiv:1106.5053},
    year={2011}
}

@article{mag,
    title={Multiplicative attribute graph model of real-world networks},
    author={Kim, Myunghwan and Leskovec, Jure},
    journal={Internet mathematics},
    volume={8},
    number={1-2},
    pages={113--160},
    year={2012},
    publisher={Taylor \& Francis}
}

@book{randomgraphs,
    title={Random graphs},
    author={Bollob{\'a}s, B{\'e}la},
    number={73},
    year={2001},
    publisher={Cambridge university press}
}

@article{dimensionality,
    title={Dimensionality of social networks using motifs and eigenvalues},
    author={Bonato, Anthony and Gleich, David F and Kim, Myunghwan and Mitsche, Dieter and Pra{\l}at, Pawe{\l} and Tian, Yanhua and Young, Stephen J},
    journal={PloS one},
    volume={9},
    number={9},
    pages={e106052},
    year={2014},
    publisher={Public Library of Science}
}

@phdthesis{rdp,
    title={Random dot product graphs a model for social networks},
    author={Nickel, Christine Leigh Myers},
    year={2008},
    school={Johns Hopkins University}
}

@article{young2008directed,
    title={Directed random dot product graphs},
    author={Young, Stephen J and Scheinerman, Edward},
    journal={Internet Mathematics},
    volume={5},
    number={1-2},
    pages={91--111},
    year={2008},
    publisher={Taylor \& Francis}
}

@article{eigbounds,
    title={Optimizing Gershgorin for symmetric matrices},
    author={DeVille, Lee},
    journal={Linear Algebra and its Applications},
    volume={577},
    pages={360--383},
    year={2019},
    publisher={Elsevier}
}

@inproceedings{sigmoidal,
    title={Nonparametric latent feature models for link prediction},
    author={Miller, Kurt and Jordan, Michael I and Griffiths, Thomas L},
    booktitle={Advances in neural information processing systems},
    pages={1276--1284},
    year={2009}
}

@inproceedings{node2vec,
  title={node2vec: Scalable feature learning for networks},
  author={Grover, Aditya and Leskovec, Jure},
  booktitle={Proceedings of the 22nd ACM SIGKDD international conference on Knowledge discovery and data mining},
  pages={855--864},
  year={2016},
  organization={ACM}
}

@inproceedings{deepwalk,
  title={Deepwalk: Online learning of social representations},
  author={Perozzi, Bryan and Al-Rfou, Rami and Skiena, Steven},
  booktitle={Proceedings of the 20th ACM SIGKDD international conference on Knowledge discovery and data mining},
  pages={701--710},
  year={2014},
  organization={ACM}
}

@misc{snap,
  title={SNAP Datasets: Stanford large network dataset collection},
  author={Leskovec, Jure and Krevl, Andrej},
  year={2014}
}

@inproceedings{mgeop,
  title={The geometric protean model for on-line social networks},
  author={Bonato, Anthony and Janssen, Jeannette and Pra{\l}at, Pawel},
  booktitle={International Workshop on Algorithms and Models for the Web-Graph},
  pages={110--121},
  year={2010},
  organization={Springer}
}

@article{coupling1,
  title={On Strassen's theorem on stochastic domination},
  author={Lindvall, Torgny and others},
  journal={Electronic communications in probability},
  volume={4},
  pages={51--59},
  year={1999},
  publisher={The Institute of Mathematical Statistics and the Bernoulli Society}
}

@book{coupling2,
  title={Regeneration},
  author={Thorisson, Hermann},
  year={2000},
  publisher={Springer}
}

@book{coupling3,
  title={Concentration of measure for the analysis of randomized algorithms},
  author={Dubhashi, Devdatt P and Panconesi, Alessandro},
  year={2009},
  publisher={Cambridge University Press}
}

@article{zipf,
  title={Zipf’s law and criticality in multivariate data without fine-tuning},
  author={Schwab, David J and Nemenman, Ilya and Mehta, Pankaj},
  journal={Physical review letters},
  volume={113},
  number={6},
  pages={068102},
  year={2014},
  publisher={APS}
}

@article{zipf2,
  title={Zipf’s law arises naturally when there are underlying, unobserved variables},
  author={Aitchison, Laurence and Corradi, Nicola and Latham, Peter E},
  journal={PLoS computational biology},
  volume={12},
  number={12},
  pages={e1005110},
  year={2016},
  publisher={Public Library of Science}
}


@article{dblp1,
  title={Mining graph topological patterns: Finding covariations among vertex descriptors},
  author={Prado, Adriana and Plantevit, Marc and Robardet, C{\'e}line and Boulicaut, Jean-Francois},
  journal={IEEE Transactions on Knowledge and Data Engineering},
  volume={25},
  number={9},
  pages={2090--2104},
  year={2012},
  publisher={IEEE}
}

@inproceedings{dblp2,
  title={Cohesive co-evolution patterns in dynamic attributed graphs},
  author={Desmier, Elise and Plantevit, Marc and Robardet, C{\'e}line and Boulicaut, Jean-Fran{\c{c}}ois},
  booktitle={International Conference on Discovery Science},
  pages={110--124},
  year={2012},
  organization={Springer}
}

@article{influential_nodes,
  title={Locating influential nodes in complex networks},
  author={Malliaros, Fragkiskos D and Rossi, Maria-Evgenia G and Vazirgiannis, Michalis},
  journal={Scientific reports},
  volume={6},
  pages={19307},
  year={2016},
  publisher={Nature Publishing Group}
}

@phdthesis{kimphd,
  title={Modeling Networks with Auxiliary Information},
  author={Kim, Myunghwan},
  year={2014},
  school={Stanford University}
}

@misc{sixdegrees,
    title={Six Degrees of Wikipedia},
    howpublished={\url{https://www.sixdegreesofwikipedia.com/}},
    note={Accessed: 2019-08-01}
}

@article{blau1,
  title={An ecology of affiliation},
  author={McPherson, Miller},
  journal={American Sociological Review},
  pages={519--532},
  year={1983},
  publisher={JSTOR}
}

@article{blau2,
  title={Evolution on a dancing landscape: organizations and networks in dynamic Blau space},
  author={McPherson, J Miller and Ranger-Moore, James R},
  journal={Social Forces},
  volume={70},
  number={1},
  pages={19--42},
  year={1991},
  publisher={The University of North Carolina Press}
}

@article{birds,
  title={Birds of a feather: Homophily in social networks},
  author={McPherson, Miller and Smith-Lovin, Lynn and Cook, James M},
  journal={Annual review of sociology},
  volume={27},
  number={1},
  pages={415--444},
  year={2001},
  publisher={Annual Reviews 4139 El Camino Way, PO Box 10139, Palo Alto, CA 94303-0139, USA}
}

@article{cora,
  title={Collective classification in network data},
  author={Sen, Prithviraj and Namata, Galileo and Bilgic, Mustafa and Getoor, Lise and Galligher, Brian and Eliassi-Rad, Tina},
  journal={AI magazine},
  volume={29},
  number={3},
  pages={93--93},
  year={2008}
}

@inproceedings{bine,
  title={BiNE: Bipartite network embedding},
  author={Gao, Ming and Chen, Leihui and He, Xiangnan and Zhou, Aoying},
  booktitle={The 41st International ACM SIGIR Conference on Research \& Development in Information Retrieval},
  pages={715--724},
  year={2018},
  organization={ACM}
}

@inproceedings{splitter,
  title={Is a Single Embedding Enough? Learning Node Representations that Capture Multiple Social Contexts},
  author={Epasto, Alessandro and Perozzi, Bryan},
  booktitle={The World Wide Web Conference},
  pages={394--404},
  year={2019},
  organization={ACM}
}

@inproceedings{achlioptas2001database,
  title={Database-friendly random projections},
  author={Achlioptas, Dimitris},
  booktitle={Proceedings of the twentieth ACM SIGMOD-SIGACT-SIGART symposium on Principles of database systems},
  pages={274--281},
  year={2001},
  organization={ACM}
}

@article{mgeop2,
  title={Geometric protean graphs},
  author={Bonato, Anthony and Janssen, Jeannette and Pra{\l}at, Pawe{\l}},
  journal={Internet Mathematics},
  volume={8},
  number={1-2},
  pages={2--28},
  year={2012},
  publisher={Taylor \& Francis}
}

@inproceedings{mgeop3,
  title={The domination number of on-line social networks and random geometric graphs},
  author={Bonato, Anthony and Lozier, Marc and Mitsche, Dieter and P{\'e}rez-Gim{\'e}nez, Xavier and Pra{\l}at, Pawe{\l}},
  booktitle={International Conference on Theory and Applications of Models of Computation},
  pages={150--163},
  year={2015},
  organization={Springer}
}

@article{domset_powerlaw,
  title={Minimum dominating sets in scale-free network ensembles},
  author={Moln{\'a}r, F and Sreenivasan, Sameet and Szymanski, Boleslaw K and Korniss, Gyorgy},
  journal={Scientific reports},
  volume={3},
  pages={1736},
  year={2013},
  publisher={Nature Publishing Group}
}

@article{domset_controllability,
  title={Dominating scale-free networks with variable scaling exponent: heterogeneous networks are not difficult to control},
  author={Nacher, Jose C and Akutsu, Tatsuya},
  journal={New Journal of Physics},
  volume={14},
  number={7},
  pages={073005},
  year={2012},
  publisher={IOP Publishing}
}

@book{domset,
  title={Fundamentals of domination in graphs},
  author={Haynes, Teresa W and Hedetniemi, Stephen and Slater, Peter},
  year={2013},
  publisher={CRC press}
}

@article{fj,
  title={Social influence and opinions},
  author={Friedkin, Noah E and Johnsen, Eugene C},
  journal={Journal of Mathematical Sociology},
  volume={15},
  number={3-4},
  pages={193--206},
  year={1990},
  publisher={Taylor \& Francis}
}

@article{hk,
  title={Opinion dynamics and bounded confidence models, analysis, and simulation},
  author={Hegselmann, Rainer and Krause, Ulrich and others},
  journal={Journal of artificial societies and social simulation},
  volume={5},
  number={3},
  year={2002}
}

@inproceedings{local_interactions,
  title={Opinion Dynamics with Local Interactions.},
  author={Fotakis, Dimitris and Palyvos-Giannas, Dimitris and Skoulakis, Stratis},
  booktitle={IJCAI},
  pages={279--285},
  year={2016}
}

@inproceedings{limited_information,
  title={Opinion Dynamics with Limited Information},
  author={Fotakis, Dimitris and Kandiros, Vardis and Kontonis, Vasilis and Skoulakis, Stratis},
  booktitle={International Conference on Web and Internet Economics},
  pages={282--296},
  year={2018},
  organization={Springer}
}

@inproceedings{word2vec,
  title={Distributed representations of words and phrases and their compositionality},
  author={Mikolov, Tomas and Sutskever, Ilya and Chen, Kai and Corrado, Greg S and Dean, Jeff},
  booktitle={Advances in neural information processing systems},
  pages={3111--3119},
  year={2013}
}

@article{molnar,
  title={Dominating scale-free networks using generalized probabilistic methods},
  author={Moln{\'a}r Jr, F and Derzsy, Noemi and Czabarka, {\'E}va and Sz{\'e}kely, L and Szymanski, Boleslaw K and Korniss, Gyorgy},
  journal={Scientific reports},
  volume={4},
  pages={6308},
  year={2014},
  publisher={Nature Publishing Group}
}

@article{em,
  title={Maximum likelihood from incomplete data via the EM algorithm},
  author={Dempster, Arthur P and Laird, Nan M and Rubin, Donald B},
  journal={Journal of the Royal Statistical Society: Series B (Methodological)},
  volume={39},
  number={1},
  pages={1--22},
  year={1977},
  publisher={Wiley Online Library}
}

@misc{wallerstein1987world,
  title={World-systems analysis},
  author={Wallerstein, Immanuel},
  year={1987},
  publisher={Stanford, California, United States}
}

@article{coreperiphery_stochasticblockmodel,
  title={Identification of core-periphery structure in networks},
  author={Zhang, Xiao and Martin, Travis and Newman, Mark EJ},
  journal={Physical Review E},
  volume={91},
  number={3},
  pages={032803},
  year={2015},
  publisher={APS}
}

@inproceedings{coreperiphery_benson,
  title={Random spatial network models for core-periphery structure},
  author={Jia, Junteng and Benson, Austin R},
  booktitle={Proceedings of the Twelfth ACM International Conference on Web Search and Data Mining},
  pages={366--374},
  year={2019},
  organization={ACM}
}

@incollection{averaging_lyapunov,
  title={Averaging Dynamics in General State Spaces},
  author={Touri, Behrouz},
  booktitle={Product of Random Stochastic Matrices and Distributed Averaging},
  pages={113--126},
  year={2012},
  publisher={Springer}
}

@inproceedings{multi_hk,
  title={Multi-dimensional hegselmann-krause dynamics},
  author={Nedi{\'c}, Angelia and Touri, Behrouz},
  booktitle={2012 IEEE 51st IEEE Conference on Decision and Control (CDC)},
  pages={68--73},
  year={2012},
  organization={IEEE}
}

@book{friedman,
  title={A proof of Alon's second eigenvalue conjecture and related problems},
  author={Friedman, Joel},
  year={2008},
  publisher={American Mathematical Soc.}
}

@article{baum,
  title={Statistical inference for probabilistic functions of finite state Markov chains},
  author={Baum, Leonard E and Petrie, Ted},
  journal={The annals of mathematical statistics},
  volume={37},
  number={6},
  pages={1554--1563},
  year={1966},
  publisher={JSTOR}
}

@book{bishop,
  title={Pattern recognition and machine learning},
  author={Bishop, Christopher M},
  year={2006},
  publisher={springer}
}

@article{pseudo_em_1,
  title={Pseudo maximum likelihood estimation: theory and applications},
  author={Gong, Gail and Samaniego, Francisco J},
  journal={The Annals of Statistics},
  pages={861--869},
  year={1981},
  publisher={JSTOR}
}

@article{mean_field_1,
  title={More is the same; phase transitions and mean field theories},
  author={Kadanoff, Leo P},
  journal={Journal of Statistical Physics},
  volume={137},
  number={5-6},
  pages={777},
  year={2009},
  publisher={Springer}
}

@article{mean_field_2,
  title={Mean field theory of magnetic phase transitions},
  author={Stanley, HE},
  journal={Introduction to Phase Transitions and Critical Phenomena},
  year={1971},
  publisher={Oxford University Press}
}

@article{pseudo_em_2,
  title={A pseudo-EM algorithm for clustering incomplete longitudinal data},
  author={Shaikh, Mateen and McNicholas, Paul D and Desmond, Anthony F},
  journal={The international journal of biostatistics},
  volume={6},
  number={1},
  year={2010},
  publisher={De Gruyter}
}

@article{pseudo_em_3,
  title={Patching rainfall data using regression methods.: 1. Best subset selection, EM and pseudo-EM methods: theory},
  author={Makhuvha, Tondani and Pegram, Geoffrey and Sparks, Ross and Zucchini, Walter},
  journal={Journal of Hydrology},
  volume={198},
  number={1-4},
  pages={289--307},
  year={1997},
  publisher={Elsevier}
}

@book{duda2012pattern,
  title={Pattern classification},
  author={Duda, Richard O and Hart, Peter E and Stork, David G},
  year={2012},
  publisher={John Wiley \& Sons}
}

@article{textblob,
  title={Textblob: simplified text processing},
  author={Loria, Steven and Keen, P and Honnibal, M and Yankovsky, R and Karesh, D and Dempsey, E and others},
  journal={Secondary TextBlob: Simplified Text Processing},
  volume={3},
  year={2014}
}

@article{talagrand1995concentration,
  title={Concentration of measure and isoperimetric inequalities in product spaces},
  author={Talagrand, Michel},
  journal={Publications Math{\'e}matiques de l'Institut des Hautes Etudes Scientifiques},
  volume={81},
  number={1},
  pages={73--205},
  year={1995},
  publisher={Springer}
}

@incollection{akaike1998information,
  title={Information theory and an extension of the maximum likelihood principle},
  author={Akaike, Hirotogu},
  booktitle={Selected papers of hirotugu akaike},
  pages={199--213},
  year={1998},
  publisher={Springer}
}

@inproceedings{bhawalkar2013coevolutionary,
  title={Coevolutionary opinion formation games},
  author={Bhawalkar, Kshipra and Gollapudi, Sreenivas and Munagala, Kamesh},
  booktitle={Proceedings of the forty-fifth annual ACM symposium on Theory of computing},
  pages={41--50},
  year={2013}
}

@article{leskovec2016snap,
  title={Snap: A general-purpose network analysis and graph-mining library},
  author={Leskovec, Jure and Sosi{\v{c}}, Rok},
  journal={ACM Transactions on Intelligent Systems and Technology (TIST)},
  volume={8},
  number={1},
  pages={1--20},
  year={2016},
  publisher={ACM New York, NY, USA}
}

@article{bindel2015bad,
  title={How bad is forming your own opinion?},
  author={Bindel, David and Kleinberg, Jon and Oren, Sigal},
  journal={Games and Economic Behavior},
  volume={92},
  pages={248--265},
  year={2015},
  publisher={Elsevier}
}

@article{loulakis,
  title={Stochastic Processes},
  author={Loulakis, Michael},
  journal={Kallipos},
  year={2015}
}

@inproceedings{smith1996hit,
  title={The Hit-and-Run sampler: a globally reaching Markov chain sampler for generating arbitrary multivariate distributions},
  author={Smith, Robert L},
  booktitle={Proceedings Winter Simulation Conference},
  pages={260--264},
  year={1996},
  organization={IEEE}
}

@article{duane1987hybrid,
  title={Hybrid Monte Carlo},
  author={Duane, Simon and Kennedy, Anthony D and Pendleton, Brian J and Roweth, Duncan},
  journal={Physics letters B},
  volume={195},
  number={2},
  pages={216--222},
  year={1987},
  publisher={Elsevier}
}

@article{cyrus1978generalized,
  title={Generalized two-and three-dimensional clipping},
  author={Cyrus, Mike and Beck, Jay},
  journal={Computers \& Graphics},
  volume={3},
  number={1},
  pages={23--28},
  year={1978},
  publisher={Elsevier}
}

@article{lee2020logsmooth,
  title={Logsmooth Gradient Concentration and Tighter Runtimes for Metropolized Hamiltonian Monte Carlo},
  author={Lee, Yin Tat and Shen, Ruoqi and Tian, Kevin},
  journal={arXiv preprint arXiv:2002.04121},
  year={2020}
}

@inproceedings{shen2019randomized,
  title={The randomized midpoint method for log-concave sampling},
  author={Shen, Ruoqi and Lee, Yin Tat},
  booktitle={Advances in Neural Information Processing Systems},
  pages={2098--2109},
  year={2019}
}

@book{ascher1998computer,
  title={Computer methods for ordinary differential equations and differential-algebraic equations},
  author={Ascher, Uri M and Petzold, Linda R},
  volume={61},
  year={1998},
  publisher={Siam}
}

@article{lee2018algorithmic,
  title={Algorithmic theory of ODEs and sampling from well-conditioned log-concave densities},
  author={Lee, Yin Tat and Song, Zhao and Vempala, Santosh S},
  journal={arXiv preprint arXiv:1812.06243},
  year={2018}
}

@inproceedings{pan2015simple,
  title={Simple and nearly optimal polynomial root-finding by means of root radii approximation},
  author={Pan, Victor Y},
  booktitle={Special Sessions in Applications of Computer Algebra},
  pages={329--340},
  year={2015},
  organization={Springer}
}

@book{dang2019hamiltonian,
  title={Hamiltonian Monte Carlo with energy conserving subsampling},
  author={Dang, Khue-Dung and Quiroz, Matias and Kohn, Robert and Tran, Minh-Ngoc and Villani, Mattias},
  year={2019},
  publisher={MIT Press}
}

@article{chevallier2018hamiltonian,
  title={Hamiltonian Monte Carlo with boundary reflections, and application to polytope volume calculations},
  author={Chevallier, Augustin and Pion, Sylvain and Cazals, Fr{\'e}d{\'e}ric},
  year={2018}
}

@inproceedings{afshar2015reflection,
  title={Reflection, refraction, and hamiltonian monte carlo},
  author={Afshar, Hadi Mohasel and Domke, Justin},
  booktitle={Advances in neural information processing systems},
  pages={3007--3015},
  year={2015}
}

@article{gryazina2014random,
  title={Random sampling: Billiard walk algorithm},
  author={Gryazina, Elena and Polyak, Boris},
  journal={European Journal of Operational Research},
  volume={238},
  number={2},
  pages={497--504},
  year={2014},
  publisher={Elsevier}
}

@inproceedings{lovasz1990mixing,
  title={The mixing rate of Markov chains, an isoperimetric inequality, and computing the volume},
  author={Lov{\'a}sz, L{\'a}szl{\'o} and Simonovits, Mikl{\'o}s},
  booktitle={Proceedings [1990] 31st annual symposium on foundations of computer science},
  pages={346--354},
  year={1990},
  organization={IEEE}
}

@article{dwivedi2019log,
  title={Log-concave sampling: Metropolis-Hastings algorithms are fast},
  author={Dwivedi, Raaz and Chen, Yuansi and Wainwright, Martin J and Yu, Bin},
  journal={Journal of Machine Learning Research},
  volume={20},
  number={183},
  pages={1--42},
  year={2019}
}

@article{chen2019optimal,
  title={Optimal convergence rate of Hamiltonian Monte Carlo for strongly logconcave distributions},
  author={Chen, Zongchen and Vempala, Santosh S},
  journal={arXiv preprint arXiv:1905.02313},
  year={2019}
}

@article{chopin2011fast,
  title={Fast simulation of truncated Gaussian distributions},
  author={Chopin, Nicolas},
  journal={Statistics and Computing},
  volume={21},
  number={2},
  pages={275--288},
  year={2011},
  publisher={Springer}
}

@book{csiszar2011information,
  title={Information theory: coding theorems for discrete memoryless systems},
  author={Csiszar, Imre and K{\"o}rner, J{\'a}nos},
  year={2011},
  publisher={Cambridge University Press}
}

@article{birkhoff1931proof,
  title={Proof of the ergodic theorem},
  author={Birkhoff, George D},
  journal={Proceedings of the National Academy of Sciences},
  volume={17},
  number={12},
  pages={656--660},
  year={1931},
  publisher={National Acad Sciences}
}

@inproceedings{nielsen2018guaranteed,
  title={Guaranteed deterministic bounds on the total variation distance between univariate mixtures},
  author={Nielsen, Frank and Sun, Ke},
  booktitle={2018 IEEE 28th International Workshop on Machine Learning for Signal Processing (MLSP)},
  pages={1--6},
  year={2018},
  organization={IEEE}
}

@article{laurent2000adaptive,
  title={Adaptive estimation of a quadratic functional by model selection},
  author={Laurent, Beatrice and Massart, Pascal},
  journal={Annals of Statistics},
  pages={1302--1338},
  year={2000},
  publisher={JSTOR}
}

@article{drummond2004projected,
  title={A projected gradient method for vector optimization problems},
  author={Drummond, LM Grana and Iusem, Alfredo N},
  journal={Computational Optimization and applications},
  volume={28},
  number={1},
  pages={5--29},
  year={2004},
  publisher={Springer}
}

@inproceedings{durrieu2012lower,
  title={Lower and upper bounds for approximation of the Kullback-Leibler divergence between Gaussian mixture models},
  author={Durrieu, J-L and Thiran, J-Ph and Kelly, Finnian},
  booktitle={2012 IEEE International Conference on Acoustics, Speech and Signal Processing (ICASSP)},
  pages={4833--4836},
  year={2012},
  organization={Ieee}
}

@article{haraldsdottir2017chrr,
  title={CHRR: coordinate hit-and-run with rounding for uniform sampling of constraint-based models},
  author={Haraldsd{\'o}ttir, Hulda S and Cousins, Ben and Thiele, Ines and Fleming, Ronan MT and Vempala, Santosh},
  journal={Bioinformatics},
  volume={33},
  number={11},
  pages={1741--1743},
  year={2017},
  publisher={Oxford University Press}
}

@article{carpenter2017stan,
  title={Stan: A probabilistic programming language},
  author={Carpenter, Bob and Gelman, Andrew and Hoffman, Matthew D and Lee, Daniel and Goodrich, Ben and Betancourt, Michael and Brubaker, Marcus and Guo, Jiqiang and Li, Peter and Riddell, Allen},
  journal={Journal of statistical software},
  volume={76},
  number={1},
  year={2017},
  publisher={Columbia Univ., New York, NY (United States); Harvard Univ., Cambridge, MA~…}
}

@inproceedings{abadi2016tensorflow,
  title={Tensorflow: A system for large-scale machine learning},
  author={Abadi, Mart{\'\i}n and Barham, Paul and Chen, Jianmin and Chen, Zhifeng and Davis, Andy and Dean, Jeffrey and Devin, Matthieu and Ghemawat, Sanjay and Irving, Geoffrey and Isard, Michael and others},
  booktitle={12th $\{$USENIX$\}$ Symposium on Operating Systems Design and Implementation ($\{$OSDI$\}$ 16)},
  pages={265--283},
  year={2016}
}

@article{o1995truncated,
  title={Truncated logistic regression},
  author={O'Neill, Terence J and Barry, Simon C},
  journal={Biometrics},
  pages={533--541},
  year={1995},
  publisher={JSTOR}
}

@article{park2011robust,
  title={Robust penalized logistic regression with truncated loss functions},
  author={Park, Seo Young and Liu, Yufeng},
  journal={Canadian Journal of Statistics},
  volume={39},
  number={2},
  pages={300--323},
  year={2011},
  publisher={Wiley Online Library}
}

@article{pakman2014exact,
  title={Exact hamiltonian monte carlo for truncated multivariate gaussians},
  author={Pakman, Ari and Paninski, Liam},
  journal={Journal of Computational and Graphical Statistics},
  volume={23},
  number={2},
  pages={518--542},
  year={2014},
  publisher={Taylor \& Francis}
}

@article{betancourt2017conceptual,
  title={A conceptual introduction to Hamiltonian Monte Carlo},
  author={Betancourt, Michael},
  journal={arXiv preprint arXiv:1701.02434},
  year={2017}
}