@article{kostakis2014commons,
  title={Commons-based peer production and digital fabrication: The case of a RepRap-based, Lego-built 3D printing-milling machine},
  author={Kostakis, Vasilis and Papachristou, Marios},
  journal={Telematics and Informatics},
  volume={31},
  number={3},
  pages={434--443},
  year={2014},
  publisher={Elsevier}
}

@inproceedings{papachristou2019software,
  title={Software clusterings with vector semantics and the call graph},
  author={Papachristou, Marios},
  booktitle={Proceedings of the 2019 27th ACM Joint Meeting on European Software Engineering Conference and Symposium on the Foundations of Software Engineering},
  pages={1184--1186},
  year={2019}
}

@article{papachristou2021sublinear,
  title={Sublinear Domination and Core-Periphery Networks},
  author={Papachristou, Marios},
  journal={Scientific Reports},
  year={2021}
}

@article{chalkis2021truncated,
  title={Truncated Log-concave Sampling with Reflective Hamiltonian Monte Carlo},
  author={Chalkis, Apostolos and Fisikopoulos, Vissarion and Papachristou, Marios and Tsigaridas, Elias},
  journal={arXiv preprint arXiv:2102.13068},
  year={2021}
}

@article{papachristou2021allocating,
  title={Allocating Stimulus Checks in Times of Crisis},
  author={Papachristou, Marios and Kleinberg, Jon},
  journal={arXiv preprint arXiv:2106.07560},
  year={2021}
}
